@book{ogata2010modern,
  title={Modern Control Engineering},
  author={Ogata, Katsuhiko},
  year={2010},
  publisher={Prentice Hall}
}

@book{franklin2015feedback,
  title={Feedback Control of Dynamic Systems},
  author={Franklin, Gene F and Powell, J David and Emami-Naeini, Abbas},
  year={2015},
  publisher={Pearson}
}

@book{astrom2010feedback,
  title={Feedback Systems: An Introduction for Scientists and Engineers},
  author={Åström, Karl J and Murray, Richard M},
  year={2010},
  publisher={Princeton University Press}
}

@book{kailath1980linear,
  title={Linear Systems},
  author={Kailath, Thomas},
  year={1980},
  publisher={Prentice Hall}
}

@article{kalman1960new,
  title={A New Approach to Linear Filtering and Prediction Problems},
  author={Kalman, Rudolf Emil},
  journal={Journal of Basic Engineering},
  volume={82},
  number={1},
  pages={35--45},
  year={1960},
  publisher={ASME}
}

@book{kirk2004optimal,
  title={Optimal Control Theory: An Introduction},
  author={Kirk, Donald E},
  year={2004},
  publisher={Dover Publications}
}

@misc{brockman2016openai,
  title={OpenAI Gym},
  author={Brockman, Greg and Cheung, Vicki and Pettersson, Ludwig and Schneider, Jonas and Schulman, John and Tang, Jie and Zaremba, Wojciech},
  year={2016},
  eprint={1606.01540},
  archivePrefix={arXiv},
  primaryClass={cs.LG},
  url={https://arxiv.org/abs/1606.01540}
}

@article{mnih2015human,
  title={Human-level control through deep reinforcement learning},
  author={Mnih, Volodymyr and Kavukcuoglu, Koray and Silver, David and Rusu, Andrei A and Veness, Joel and Bellemare, Marc G and Graves, Alex and Riedmiller, Martin and Fidjeland, Andreas K and Ostrovski, Georg and others},
  journal={Nature},
  volume={518},
  number={7540},
  pages={529--533},
  year={2015},
  publisher={Nature Publishing Group}
}

@inproceedings{van2016deep,
  title={Deep reinforcement learning with double q-learning},
  author={Van Hasselt, Hado and Guez, Arthur and Silver, David},
  booktitle={Proceedings of the AAAI Conference on Artificial Intelligence},
  volume={30},
  year={2016}
}

@inproceedings{wang2016dueling,
  title={Dueling network architectures for deep reinforcement learning},
  author={Wang, Ziyu and Schaul, Tom and Hessel, Matteo and Van Hasselt, Hado and Lanctot, Marc and de Freitas, Nando},
  booktitle={International Conference on Machine Learning},
  pages={1995--2003},
  year={2016},
  organization={PMLR}
}

@article{schulman2017proximal,
  title={Proximal policy optimization algorithms},
  author={Schulman, John and Wolski, Filip and Dhariwal, Prafulla and Radford, Alec and Klimov, Oleg},
  journal={arXiv preprint arXiv:1707.06347},
  year={2017}
}

@inproceedings{mnih2016asynchronous,
  title={Asynchronous methods for deep reinforcement learning},
  author={Mnih, Volodymyr and Badia, Adri{\`a} Puigdom{\`e}nech and Mirza, Mehdi and Graves, Alex and Lillicrap, Timothy and Harley, Tim and Silver, David and Kavukcuoglu, Koray},
  booktitle={International conference on machine learning},
  pages={1928--1937},
  year={2016},
  organization={PMLR}
}

@article{lillicrap2015continuous,
  title={Continuous control with deep reinforcement learning},
  author={Lillicrap, Timothy P and Hunt, Jonathan J and Pritzel, Alexander and Heess, Nicolas and Erez, Tom and Tassa, Yuval and Silver, David and Wierstra, Daan},
  journal={arXiv preprint arXiv:1509.02971},
  year={2015}
}
